<record xmlns='http://www.loc.gov/MARC21/slim'><leader>01392cim a22003972u 4500</leader><controlfield tag='001'>3602112</controlfield><controlfield tag='005'>20151214183031.0</controlfield><controlfield tag='007'>ss|lmnjluz|nuu</controlfield><controlfield tag='008'>991101s1981    nyunnn         l    eng d</controlfield><datafield ind1=' ' ind2=' ' tag='035'><subfield code='a'>(NIC)notisASF9177</subfield></datafield><datafield ind1=' ' ind2=' ' tag='035'><subfield code='a'>3602112</subfield></datafield><datafield ind1=' ' ind2=' ' tag='035'><subfield code='a'>(OCoLC)63898812</subfield></datafield><datafield ind1=' ' ind2=' ' tag='040'><subfield code='a'>NIC</subfield><subfield code='c'>NIC</subfield><subfield code='d'>NIC</subfield><subfield code='d'>NIC</subfield></datafield><datafield ind1='1' ind2=' ' tag='100'><subfield code='a'>Eco, Umberto.</subfield></datafield><datafield ind1='1' ind2='0' tag='245'><subfield code='a'>Horns, beans and insteps: guessing from Aristotle to Sherlock Holmes</subfield><subfield code='h'>[sound recording]</subfield></datafield><datafield ind1=' ' ind2=' ' tag='260'><subfield code='c'>1981.</subfield></datafield><datafield ind1=' ' ind2=' ' tag='300'><subfield code='a'>1 sound cassette :</subfield><subfield code='b'>analog, mono.</subfield></datafield><datafield ind1=' ' ind2=' ' tag='500'><subfield code='a'>Recorded in Ithaca, NY by Cornell University.</subfield></datafield><datafield ind1=' ' ind2=' ' tag='500'><subfield code='a'>Sponsored by: Western Societies Program.</subfield></datafield><datafield ind1=' ' ind2=' ' tag='518'><subfield code='a'>Lecture, October 23, 1981.</subfield></datafield><datafield ind1=' ' ind2=' ' tag='520'><subfield code='a'>A comparative discussion about semiotics and logic in Sherlock Holmes, Aristotle, and other analytical philosophers.</subfield></datafield><datafield ind1=' ' ind2=' ' tag='540'><subfield code='a'>No reproductions authorized.</subfield></datafield><datafield ind1='0' ind2='0' tag='600'><subfield code='a'>Aristotle.</subfield></datafield><datafield ind1=' ' ind2='0' tag='650'><subfield code='a'>Induction (Logic) </subfield></datafield><datafield ind1=' ' ind2='0' tag='650'><subfield code='a'>Logic.</subfield></datafield><datafield ind1=' ' ind2='0' tag='650'><subfield code='a'>Semiotics.</subfield></datafield><datafield ind1=' ' ind2='0' tag='650'><subfield code='a'>Abduction (Logic) </subfield></datafield><datafield ind1='0' ind2='7' tag='600'><subfield code='a'>Aristotle</subfield><subfield code='2'>fast</subfield><subfield code='0'>(OCoLC)fst00029885</subfield></datafield><datafield ind1=' ' ind2='7' tag='650'><subfield code='a'>Abduction (Logic)</subfield><subfield code='2'>fast</subfield><subfield code='0'>(OCoLC)fst00794328</subfield></datafield><datafield ind1=' ' ind2='7' tag='650'><subfield code='a'>Induction (Logic)</subfield><subfield code='2'>fast</subfield><subfield code='0'>(OCoLC)fst00970736</subfield></datafield><datafield ind1=' ' ind2='7' tag='650'><subfield code='a'>Logic</subfield><subfield code='2'>fast</subfield><subfield code='0'>(OCoLC)fst01002014</subfield></datafield><datafield ind1=' ' ind2='7' tag='650'><subfield code='a'>Semiotics</subfield><subfield code='2'>fast</subfield><subfield code='0'>(OCoLC)fst01112351</subfield></datafield><datafield ind1=' ' ind2='0' tag='830'><subfield code='a'>Semiotics of culture.</subfield></datafield><datafield ind1='1' ind2=' ' tag='899'><subfield code='a'>CULectures</subfield></datafield><datafield ind1=' ' ind2=' ' tag='905'><subfield code='a'>20000313120000.0</subfield></datafield><datafield ind1='2' ind2=' ' tag='948'><subfield code='a'>20141221</subfield><subfield code='b'>m</subfield><subfield code='d'>batch</subfield><subfield code='e'>lts</subfield><subfield code='x'>addfast</subfield></datafield></record>